<record><leader>00000cas a22000007a 4500</leader><controlfield tag="001">38847034</controlfield><controlfield tag="008">980325d19uu1993vaudn ne      0    0eng d</controlfield><datafield ind1=" " ind2=" " tag="010"><subfield code="a">sn 98068334 </subfield></datafield><datafield ind1=" " ind2=" " tag="040"><subfield code="a">NVK</subfield><subfield code="b">eng</subfield><subfield code="c">NVK</subfield><subfield code="d">OCLCQ</subfield><subfield code="d">OCLCF</subfield><subfield code="d">OCLCO</subfield></datafield><datafield ind1="1" ind2=" " tag="029"><subfield code="a">AU@</subfield><subfield code="b">000013908568</subfield></datafield><datafield ind1=" " ind2=" " tag="042"><subfield code="a">msc</subfield></datafield><datafield ind1=" " ind2=" " tag="043"><subfield code="a">n-us-va</subfield></datafield><datafield ind1="0" ind2=" " tag="130"><subfield code="a">News journal (Radford, Va. : 1954)</subfield></datafield><datafield ind1="1" ind2="4" tag="245"><subfield code="a">The News journal.</subfield></datafield><datafield ind1="1" ind2=" " tag="246"><subfield code="i">On Sundays published as:</subfield><subfield code="a">Sunday times journal</subfield><subfield code="f">Apr. 4, 1976-Oct. 23, 1977</subfield></datafield><datafield ind1=" " ind2=" " tag="260"><subfield code="a">Radford, Va. :</subfield><subfield code="b">Radford Pub. Co.</subfield></datafield><datafield ind1=" " ind2=" " tag="300"><subfield code="a">v.</subfield></datafield><datafield ind1=" " ind2=" " tag="310"><subfield code="a">Daily (except Monday and Saturday),</subfield><subfield code="b">Jan. 3, 1980-</subfield></datafield><datafield ind1=" " ind2=" " tag="321"><subfield code="a">Daily (except Sunday),</subfield><subfield code="b">Aug. 2-Dec. 31 1957</subfield></datafield><datafield ind1=" " ind2=" " tag="321"><subfield code="a">Daily (except Saturday &amp; Sunday),</subfield><subfield code="b">Jan. 1, 1958-Mar. 26, 1976</subfield></datafield><datafield ind1=" " ind2=" " tag="321"><subfield code="a">Daily (except Saturday),</subfield><subfield code="b">Apr. 4, 1976- Dec. 30, 1977</subfield></datafield><datafield ind1=" " ind2=" " tag="321"><subfield code="a">Daily (except Monday, Thursday, Saturday),</subfield><subfield code="b">Jan. 1, 1978-Dec. 31, 1979</subfield></datafield><datafield ind1="1" ind2=" " tag="362"><subfield code="a">Began after 1939.</subfield></datafield><datafield ind1=" " ind2=" " tag="525"><subfield code="a">Issued with a shopping guide called Plus, June 8, 1983-</subfield></datafield><datafield ind1=" " ind2=" " tag="580"><subfield code="a">On sundays, published a combined issue with the Southwest Times (Pulaski, Va. : 1922) called: Sunday Times Journal.</subfield></datafield><datafield ind1=" " ind2=" " tag="580"><subfield code="a">Published, "together with the Valley Voice, providing saturation coverage of the New River Valley market", Aug. 14, 1974-</subfield></datafield><datafield ind1=" " ind2=" " tag="580"><subfield code="a">Radford Messenger, issued on Thursdays, July 6, 1978-Nov. 6, 1980.</subfield></datafield><datafield ind1=" " ind2=" " tag="588"><subfield code="a">Description based on: 71st. yr., no. 1 (Aug. 2, 1954).</subfield></datafield><datafield ind1=" " ind2="0" tag="651"><subfield code="a">Radford (Va.)</subfield><subfield code="v">Newspapers.</subfield></datafield><datafield ind1=" " ind2="0" tag="651"><subfield code="a">Blacksburg (Va.)</subfield><subfield code="v">Newspapers.</subfield></datafield><datafield ind1=" " ind2="0" tag="651"><subfield code="a">Christiansburg (Va.)</subfield><subfield code="v">Newspapers.</subfield></datafield><datafield ind1=" " ind2="7" tag="655"><subfield code="a">Newspapers.</subfield><subfield code="2">fast</subfield><subfield code="0">(OCoLC)fst01423814</subfield></datafield><datafield ind1=" " ind2="7" tag="651"><subfield code="a">Virginia</subfield><subfield code="z">Blacksburg.</subfield><subfield code="2">fast</subfield><subfield code="0">(OCoLC)fst01204779</subfield></datafield><datafield ind1=" " ind2="7" tag="651"><subfield code="a">Virginia</subfield><subfield code="z">Christiansburg.</subfield><subfield code="2">fast</subfield><subfield code="0">(OCoLC)fst01215606</subfield></datafield><datafield ind1=" " ind2="7" tag="651"><subfield code="a">Virginia</subfield><subfield code="z">Radford.</subfield><subfield code="2">fast</subfield><subfield code="0">(OCoLC)fst01203003</subfield></datafield><datafield ind1=" " ind2=" " tag="752"><subfield code="a">United States</subfield><subfield code="b">Virginia</subfield><subfield code="d">Radford.</subfield></datafield><datafield ind1="0" ind2=" " tag="775"><subfield code="t">Journal weekly (Radford, Va.)</subfield><subfield code="w">(DLC)sn 98068338</subfield></datafield><datafield ind1="0" ind2="0" tag="780"><subfield code="t">Radford news journal (Radford, Va. : 1928)</subfield><subfield code="w">(DLC)sn 98068329</subfield></datafield><datafield ind1="0" ind2="7" tag="785"><subfield code="t">News messenger (Christiansburg, Va. : 1978 : Daily)</subfield><subfield code="w">(DLC)sn 80006138</subfield></datafield><datafield ind1="0" ind2="7" tag="785"><subfield code="t">News (Christiansburg, Va.)</subfield><subfield code="w">(DLC)sn 95079331</subfield></datafield><datafield ind1="1" ind2=" " tag="787"><subfield code="t">Southwest times (Pulaski, Va. : 1922)</subfield><subfield code="w">(DLC)sn 96096572</subfield></datafield><datafield ind1="1" ind2=" " tag="787"><subfield code="t">Valley voice (Radford, Va.)</subfield><subfield code="w">(DLC)sn 98068341</subfield></datafield><datafield ind1="1" ind2=" " tag="787"><subfield code="t">Radford messenger (Radford, Va. : 1978)</subfield><subfield code="w">(DLC)sn 98068345</subfield></datafield></record>